%%%% Guide til bibtex og litteratur.bib %%%%

% Alle kilder angives efter Harvard-metoden og vil i rapporten fremstaa med [FORFATTER, AAR] eller mere praecist [EFTERNAVN, AAR].

% Nederst findes eksempler paa kildeangivelser af typerne manual, book, article, techreport og misc.
	% - Manual bruges ved henvisninger fra internettet, idet \url-funktionen findes her
	% - Book bruges ved helt almindelige boeger
	% - Article bruges ved artikler og udgivelser
	% - Techreport kan bruges ved mindre udgivelser, hvor kun titel, forfatter og AAR er noedvendig eller tilgaengelig
	% - Misc kan bruges ved det, der falder udenfor de andre kategorier - interview, forelaesninger, foredrag osv. 

% Hvis der er flere forfattere paa en kilde, SKAL de listes med 'and' imellem dem - ogsaa ved 3 og derover (f.eks. FORFATTER 1 and FORFATTER 2 and FORFATTER 3). NAAR kildelisten bygges i rapporten, vil der ved 2 forfattere komme til at staa [EFTERNAVN 1 og EFTERNAVN 2, AAR] og ved 3 forfattere og derover komme til at staa [EFTERNAVN 1 et. al, AAR]. 

% Ved almindelige forfatternavne skal der vaere ét saet tuborg-parenteser ved Author (f.eks. author = {H. C. Andersen}). Ved andre navne (f.eks. virksomheder, hjemmesider, grupper, raad, naevn osv.) skal der vaere 2 saet tuborg-parenteser ved Author (f.eks. author = {{Dansk Standard}}). Begrundelse: med 2 saet tuborg-parenteser skrives hele parentesen ud som forfatter, [Dansk Standard, AAR]. Alternativt ville der i eksemplet bare komme til at staa [Standard, AAR].

%-----------------------------------------------------%

%%%% EKSEMPLER (manual, book, article, techreport og misc) %%%%

@book{latex,
	title = {The latex companion},
	author = {Frank Mittelbach and Michel Gossens},
	year = {2004},
	number = {ISBN: 0-201-36299-6},
	publisher = {Addision-Wesley},
	series = {Handbook}
}
@manual{ftbr,
	author ={FindTheBestRoute.com},
	title ={Route Optimization - Find the best route between multiple addresses},
	year ={2014},
	address={\url{http://findthebestroute.com/RouteFinder.html}},
	note ={Set d. 27/10-2014}
}
@manual{VF,
	author ={Vodafone},
	title ={Turismen - Regionalt, nationalt og internationalt},
	year ={2014},
	address={\url{http://www.vodafone.co.uk/shop/pay-monthly/travelling-abroad/vodafone-data-traveller/index.htm}},},
	note ={Set d. 26/11-2014}
}
@manual{Turismen,
	author ={{Dansk Statistik}},
	title ={Turismen - Regionalt, nationalt og internationalt},
	year ={2008},
	address={\url{http://www.dst.dk/pukora/epub/upload/11676/tur08.pdf}},
	note ={Set d. 19/11-2014 - side 8}
}
@manual{UniversityOfMinnesota,
	author ={Mary Vitcenda},
	title ={Why should visitors love your town? Count the ways},
	year ={2013},
	address={\url{http://www.extension.umn.edu/community/news/tourism-assets.html}},
	note ={Set d. 20/11-2014}
}
@manual{VisitAalborg,
	author ={Mads Zahle Østergaard and Paul Lubson},
	title ={Turismens økonomiske betydning i Danmark 2011},
	year ={2013},
	address={\url{http://www.visitdenmark.dk/sites/default/files/vdk_images/PDF-and-other-files/Analyser/2013/turismens_oekonomiske_betydning_i_danmark_2011_revideret_udgave.pdf}},
	note ={Set d. 20/11-2014}
}
@manual{YouthCentral,
	author ={{Youth Central}},
	title ={Planning your trip},
	year ={2014},
	address={\url{https://www.youthcentral.vic.gov.au/travel-transport/travelling-overseas/planning-your-trip}},
	note ={Set d. 27/10-2014}
}
@manual{PengeloseButikker,
	author ={Ritzau},
	title ={Forbrugerrådet: Pengeløse butikker udelukker kunder},
	year ={2014},
	address={\url{http://www.information.dk/telegram/496765}},
	note ={Set d. 20/11-2014}
}
@manual{VA,
	author ={{VisitAalborg}},
	title ={Sammen er vi både attraktive og stærke!},
	year ={2014},
	address={\url{http://www.visitaalborg.dk/sites/default/files/asp/visitaalborg/uploads/partner2015/partner2015.pdf}},
	note ={Set d. 20/11-2014}
}
@manual{GraphTheory,
	author ={Patrick JMT},
	title ={Graph Theory - An Introduction!},
	year ={2010},
	address={\url{https://www.youtube.com/watch?v=HmQR8Xy9DeM}},
	note ={Set d. 09/12-2014}
}
@manual{NNA,
	author ={Mathispower4u},
	title ={Graph Theory: Nearest Neighbor Algorithm (NNA)},
	year ={2013},
	address={\url{https://www.youtube.com/watch?v=zPgsNsOfxQ8}},
	note ={Set d. 09/12-2014}
}
@manual{Dijkstra,
	author ={Mathispower4u},
	title ={Graph Theory: Dijkstra's Algorithm},
	year ={2013},
	address={\url{https://www.youtube.com/watch?v=KvRwplnIoEM}},
	note ={Set d. 09/12-2014}
}
@manual{TSP,
	author ={James Kolpack},
	title ={Traveling Salesman Problem Visualization},
	year ={2013},
	address={\url{https://www.youtube.com/watch?v=SC5CX8drAtU}},
	note ={Set d. 09/12-2014}
}
@manual{Faxe,
	author ={Center for Erhverv \& Udvikling},
	title ={Erhverv og turisme},
	year ={2012},
	address={\url{http://www.faxekommune.dk/erhverv-turisme}},
	note ={Set d. 20/11-2014}
}

@manual{googleapi,
	author = {Google},
	title = {Google Maps JavaScript API v3},
	year = {2014},
	address = {\url{https://developers.google.com/maps/documentation/javascript/directions}},
	note = {Set d. 27/10-2014}
}

@manual{faktaogtalVD,
	author = {VisitDanmark},
	title = {Fakta og tal om turismen i Danmark},
	year = {2013},
	address={\url{http://www.visitdenmark.dk/da/denmark/fakta-og-tal-om-turismen-i-danmark}},
	note = {Set d. 26/10-2014}
}

@manual{kvalitativ,
	author = {AnalyseDanmark},
	title = {Kvalitative metoder},
	year = {2014},
	address={\url{http://www.analysedanmark.dk/kvalitative-metoder/}},
	note = {Set d. 7/11-2014}
}
@manual{kvantitativ,
	author = {AnalyseDanmark},
	title = {Kvantitative metoder},
	year = {2014},
	address = {\url{http://www.analysedanmark.dk/kvantitative-metoder/}},
	note = {Set d. 7/11-2014}
}

@techreport{bib:bec,
	title = {Budgetafvigelser på kulturbyggerier i Danmark},
	author = {{Byggeriets Evaluerings Center}},
	year = {2007}
}

@misc{karen,
	author = {Karen Skou},
	howpublished = {Gæsteforelæsning hos IDA d. 20/3-2007},
	title = {Realdania - fonden for det byggede miljø},
	year = {2007}	
}
@misc{cd,
	author ={Bilags-CD},
	title ={CD med bilag tilhørende B120}	
}
@manual{TDC,
	author = {TDC},
	title = {Data i udlandet},
	year = {2014},
	address = {\url{http://kundeservice.tdc.dk/privat/publish.php?dogtag=p_help_mob_ud_pdk_du}},
	note = {Set d. 18/11-2014}
}
@book{metodeogprojektskrivning,
	author = {Thomas Harboe},
	title = {Metode og projektskrivning},
	year = {2011}
	publisher = {Samfundslitteratur} ,
	series = {pdfbook},
	note = {s. 71-77}
}
@manual{ProjektionAfVektor,
	author = {MatematikFessor},
	title = {Projektion af Vektorer},
	year = {2014},
	address = {\url{https://www.matematikfessor.dk/lessons/projektion-af-vektorer-199}},
	note = {Set d. 16/12-2014}
}
@manual{DMST,
	author = {Christian Nilsson},
	title = {Heuristics for the Traveling Salesman Problem},
	year = {2003},
	address = {\url{http://web.tuke.sk/fei-cit/butka/hop/htsp.pdfhttps://www.matematikfessor.dk/lessons/projektion-af-vektorer-199}},
	note = {Set d. 16/12-2014}
}